


%  V------------------------------MONGODB------------------------------V 

@misc{mongodb24a,
    author={MongoDB},
    publisher={MongoDB},
    title={Manual},
    year={2024a},
    url={https://www.mongodb.com/docs/manual/core/document/},
    note={viitattu\hfill 5.6.2024}
}

@misc{mongodb24b,
    author={MongoDB},
    publisher={MongoDB},
    title={Why use mongodb},
    year={2024b},
    url={https://www.mongodb.com/resources/products/fundamentals/why-use-mongodb},
    note={viitattu\hfill 5.6.2024}
}


@misc{mongodb24c,
    author={MongoDB},
    publisher={MongoDB},
    title={Replication},
    year={2024c},
    url={https://www.mongodb.com/resources/products/capabilities/replication},
    note={viitattu\hfill 5.6.2024}
}

@misc{mongodb24d,
    author={MongoDB},
    publisher={MongoDB},
    title={Shadgind in MongoDB},
    year={2024d},
    url={https://www.mongodb.com/resources/products/capabilities/sharding},
    note={viitattu\hfill 5.6.2024}
}



@misc{mongodb24e,
    author={MongoDB},
    publisher={MongoDB},
    title={Sharding},
    year={2024e},
    url={https://www.mongodb.com/docs/manual/sharding/},
    note={viitattu\hfill 5.6.2024}
}

@misc{mongodb24f,
    author={MongoDB},
    publisher={MongoDB},
    title={Mongos},
    year={2024f},
    url={https://www.mongodb.com/docs/manual/core/sharded-cluster-query-router/},
    note={viitattu\hfill 6.6.2024}
}


@misc{mongodb24g,
    author={MongoDB},
    publisher={MongoDB},
    title={Shards},
    year={2024g},
    url={https://www.mongodb.com/docs/manual/core/sharded-cluster-shards/ },
    note={viitattu\hfill 6.6.2024}
}




@misc{mongodb24h,
    author={MongoDB},
    publisher={MongoDB},
    title={Config Database},
    year={2024h},
    url={https://www.mongodb.com/docs/manual/reference/config-database/},
    note={viitattu\hfill 6.6.2024}
}








%  V------------------------------MISC------------------------------V 

@misc{kinsta23,
    author={Jeremy Holcombe},
    publisher={Kinsta},
    title={A Comprehensive Guide To Understanding MongoDB Sharding},
    year={2023},
    url={https://kinsta.com/blog/mongodb-sharding/},
    note={viitattu\hfill 5.6.2024}
}




@misc{lenovo,
    author={Lenovo},
    publisher={Lenovo},
    title={Scaling},
    year={2024},
    url={https://www.lenovo.com/us/en/glossary/scalling/},
    note={viitattu\hfill 6.6.2024}
}




